@book{sterling_1995,
    author      =   {Sterling, T. and Becker, D. J. and Savarese, D. and Dorband, J. E. and Ranawake, U. A. and Packer, C. V.},
    title       =   {{Beowulf: A Parallel Workstation For Scientific Computation}},
    series      =   {{Proceedings of the International Conference on Parallel Processing}},
    publisher   =   {{CRC Press}},
    address     =   {{NW Boca Raton, FL}},
    year        =   {{1995}},
    @edition    =   {{}},
    volume      =   {{24}},
    note        =   {{pp 11--14. ISBN: 978-0-262-52739-2}}
}

@book{gropp_et_al_2014,
    author      =   {Gropp, W. and Lusk, E. and Skjellum, A.},
    title       =   {{Using MPI - Portable parallel programming with the Message-Passing Interface}},
    @series     =   {{}},
    publisher   =   {{MIT Press}},
    address     =   {{Cambridge, MA}},
    year        =   {{2014}},
    edition     =   {{Third}},
    @volume     =   {{}},
    note        =   {{ISBN: 978-0-262-52739-2}}
}

@book {barrett_et_al_2006,
    author      =   {Barrett, B. and Bosilca, G. and Graham, R. and Shipman, G. and Woodall, T. and Squyres, J.},
    title       =   {{Open MPI Developer's Workshop}},
    @series     =   {{}},
    publisher   =   {{Open MPI Project}},
    address     =   {{Online}},
    year        =   {{2006}},
    @edition    =   {{}},
    @volume     =   {{}},
    note        =   {{Available: https://www-lb.open-mpi.org/papers/workshop-2006/}}
}

@book {surjanovic_2017,
    author      =   {Surjanovic, S. and Bingham, D.},
    title       =   {{Ackley Function}},
    @series     =   {{}},
    publisher   =   {{Simon Fraser University}},
    address     =   {{Online}},
    year        =   {{2017}},
    @edition    =   {{}},
    @volume     =   {{}},
    note        =   {{Available: https://www.sfu.ca/~ssurjano/ackley.html}}
}

@book {surjanovic2_2017,
    author      =   {Surjanovic, S. and Bingham, D.},
    title       =   {{Eggholder Function}},
    @series     =   {{}},
    publisher   =   {{Simon Fraser University}},
    address     =   {{Online}},
    year        =   {{2017}},
    @edition    =   {{}},
    @volume     =   {{}},
    note        =   {{Available: https://www.sfu.ca/~ssurjano/egg.html}}
}

@book {grama_et_al_2003,
    author      =   {Grama, A. and Gupta, A. and Karypis, G. and Kumar, V.},
    title       =   {{Introduction to Parallel Computing}},
    @series     =   {{}},
    publisher   =   {{Addison-Wesley Pearson}},
    address     =   {{Harlow, Essex}},
    year        =   {{2003}},
    edition     =   {{Second}},
    @volume     =   {{}},
    note        =   {{ISBN: 978-0-201-64865-2}}
}

@book {mpi_1994,
    author      =   {{Message Passing Interface Forum}},
    title       =   {{MPI: A Message-Passing Interface Standard}},
    @series     =   {{}},
    publisher   =   {{Message Passing Interface Forum}},
    address     =   {{Online}},
    year        =   {{1994}},
    @edition    =   {{}},
    volume      =   {{1,0}},
    note        =   {{Available: https://www.mpi-forum.org/docs/mpi-1.0/mpi-10.ps}}
}

@book {mpi_2015,
    author      =   {{Message Passing Interface Forum}},
    title       =   {{MPI: A Message-Passing Interface Standard}},
    @series     =   {{}},
    publisher   =   {{Message Passing Interface Forum}},
    address     =   {{Online}},
    year        =   {{2015}},
    @edition    =   {{}},
    volume      =   {{3,1}},
    @pages      =   {},
    note        =   {{Available: https://www.mpi-forum.org/docs/mpi-3.1/mpi31-report.pdf}}
}

@book {graham_et_al_2006,
    author      =   {Graham, R. L. and Woodall, T. S. and Squyres, J. M.},
    title       =   {{Open MPI: A Flexible High Performance MPI in Parallel Processing and Applied Mathematics: 6th International Conference}},
    series      =   {{Theoretical Computer Science and General Issues}},
    publisher   =   {{Springer}},
    address     =   {{Poznan, Poland}},
    year        =   {{2006}},
    @edition    =   {{}},
    volume      =   {{3 911}},
    note        =   {{pp 228--239. ISBN: 978-3-540-34141-3}}
}

@book {shipman_et_al_2006,
    author      =   {Shipman, G. M. and Woodall, T. S. and Graham, R. L. and Maccabe, A. B. and Bridges, P. G.},
    title       =   {{Infiniband Scalability in OpenMPI in Proceedings of the 20th International Conference on Parallel and Distributed Processing}},
    @series     =   {{}},
    publisher   =   {{IEEE}},
    address     =   {{Rhodes Island, Greece}},
    year        =   {{2006}},
    @edition    =   {{}},
    @volume     =   {{}},
    note        =   {{pp 1--10. ISBN: 978-1-4244-0054-6}}
}

@book {open_mpi_2020,
    author      =   {{Open MPI Project}},
    title       =   {{Open MPI v4.0.3 documentation}},
    @series     =   {{}},
    publisher   =   {{Open MPI Project}},
    address     =   {{Online}},
    year        =   {{2020}},
    @edition    =   {{}},
    volume      =   {{4,0}},
    note        =   {{Available: https://www.open-mpi.org/doc/v4.0/}}
}

@book {geist_et_al_1995,
    author      =   {Geist, A. and Beguelin, A. and Dongarra, J. and Jiang, W. and Manchek, R. and Sunderam, V.},
    title       =   {{PVM 3 User's Guide and Reference Manual}},
    @series     =   {{}},
    publisher   =   {{Oak Ridge National Laboratory}},
    address     =   {{Oak Ridge, TN}},
    year        =   {{1995}},
    @edition    =   {{}},
    @volume     =   {{}},
    note        =   {{Available: https://www.researchgate.net/publication/2650048\_Pvm\_3\_User's\_Guide\_And\_Reference\_Manual}}
}

@book {elts_2004,
    author      =   {Elts, E.},
    title       =   {{Comparative analysis of PVM and MPI for the development of physical applications on parallel clusters}},
    @series     =   {{}},
    publisher   =   {{Faculty of Physics, Saint-Petersburg State University}},
    address     =   {{St. Petersburg, Russia}},
    year        =   {{2004}},
    @edition    =   {{}},
    @volume     =   {{}},
    @note       =   {{}}
}

@book {trew_et_al_2014,
    author      =   {Trew, A. and Clarke, L.},
    title       =   {{The Message Passing Interface (MPI): An International Standard for Programming Parallel Computers}},
    @series     =   {{}},
    publisher   =   {{University of St Andrews \& University of Edinburgh}},
    address     =   {{Edinburgh, Scotland}},
    year        =   {{2014}},
    @edition    =   {{}},
    @volume     =   {{}},
    note        =   {{Available: https://ref2014impact.azurewebsites.net/casestudies2/refservice.svc/GetCaseStudyPDF/35271}}
    
}

@book {cox_et_al_2013,
    author      =   {Cox, S. and Cox, J. T. and Boardman, R. P. and Johnston, S. J. and Scott, M. and O'Brien, N. S.},
    title       =   {{Iridis-pi: A low-cost, compact demonstration cluster in Cluster Computing}},
    @series     =   {{}},
    publisher   =   {{Springer}},
    address     =   {{Berlin, Germany}},
    year        =   {{2013}},
    @edition    =   {{}},
    volume      =   {{17}},
    note        =   {{pp 349-â€“358. ISSN: 1386-7857}}
}

@book {proxmox_2020,
    author      =   {{Proxmox Server Solutions GmbH}},
    title       =   {{Open-source virtualisation management platform Proxmox VE}},
    @series     =   {{}},
    publisher   =   {{Proxmox Server Solutions GmbH}},
    address     =   {{Online}},
    year        =   {{2020}},
    @edition    =   {{}},
    @volume     =   {{}},
    note        =   {{Available: https://www.proxmox.com/en/proxmox-ve}}
}

@book {distrowatch_2020,
    author      =   {{Atea Ataroa Limited}},
    title       =   {{DistroWatch.com: Put the fun back into computing. Use Linux, BSD.}},
    @series     =   {{}},
    publisher   =   {{Atea Ataroa Limited}},
    address     =   {{Online}},
    year        =   {{2020}},
    @edition    =   {{}},
    @volume     =   {{}},
    note        =   {{Available: https://distrowatch.com/}}
}

@book {manjaro_2020,
    author      =   {{Manjaro Linux}},
    title       =   {{Manjaro - enjoy the simplicity}},
    @series     =   {{}},
    publisher   =   {{Manjaro Linux}},
    address     =   {{Online}},
    year        =   {{2020}},
    @edition    =   {{}},
    @volume     =   {{}},
    note        =   {{Available: https://manjaro.org/}}
}

@book {dongarra_1979,
    author      =   {Dongarra, J. J. and Bunch, J. R. and Moler, C. B. and Stewart, G. W.},
    title       =   {{LINPACK Users' Guide}},
    series      =   {{Other Titles in Applied Mathematics}},
    publisher   =   {{Society for Industrial and Applied Mathematics}},
    address     =   {{Philadelphia, PA}},
    year        =   {{1979}},
    @edition    =   {{}},
    volume      =   {{8}},
    note        =   {{ISBN: 978-0-89871-172-1}}
}

@book {gnu_2020,
    author      =   {{GCC Team}},
    title       =   {{
GCC, the GNU Compiler Collection - GNU Project - Free Software Foundation (FSF)}},
    @series     =   {{}},
    publisher   =   {{The GNU Project}},
    address     =   {{Online}},
    year        =   {{2020}},
    @edition    =   {{}},
    @volume     =   {{}},
    note        =   {{Available: https://gcc.gnu.org/}}
}

@book {openbsd_2020,
    author      =   {{OpenBSD Foundation}},
    title       =   {{OpenSSH}},
    @series     =   {{}},
    publisher   =   {{OpenBSD Foundation}},
    address     =   {{Online}},
    year        =   {{2020}},
    @edition    =   {{}},
    @volume     =   {{}},
    note        =   {{Available: https://www.openssh.com/}}
}

@book {ietf_1981,
    author      =   {{Information Sciences Institute}},
    title       =   {{Internet Protocol}},
    @series     =   {{}},
    publisher   =   {{University of Southern California}},
    address     =   {{Marina del Rey, CA}},
    year        =   {{1981}},
    @edition    =   {{}},
    @volume     =   {{}},
    note        =   {{Available: https://tools.ietf.org/pdf/rfc791.pdf}}
}

@book {ietf_2017,
    author      =   {{Internet Engineering Task Force}},
    title       =   {{Internet Protocol, Version 6 (IPv6) Specification}},
    @series     =   {{}},
    publisher   =   {{Internet Engineering Task Force}},
    address     =   {{Online}},
    year        =   {{2017}},
    @edition    =   {{}},
    @volume     =   {{}},
    note        =   {{ISSN: 2070-1721}}
}

@book {day_et_al_1983,
    author      =   {Day, J. D. and Zimmermann, H.},
    title       =   {{The OSI reference model}},
    series      =   {{Proceedings of the IEEE}},
    publisher   =   {{Internet Engineering Task Force}},
    address     =   {{New York, NY}},
    year        =   {{1983}},
    @edition    =   {{}},
    volume      =   {{71}},
    note        =   {{pp 1334--1340. ISSN: 1558-2256}}
}

@book {ova_2020,
    author      =   {{Open Virtualisation Alliance}},
    title       =   {{Virtio - KVM}},
    @series     =   {{}},
    publisher   =   {{Open Virtualisation Alliance}},
    address     =   {{Online}},
    year        =   {{2020}},
    @edition    =   {{}},
    @volume     =   {{}},
    note        =   {{Available: https://www.linux-kvm.org/page/Virtio}}
}

@book {diffie_et_al_1976,
    author      =   {Diffie, W. and Hellman, M. E.},
    title       =   {{New Directions in Cryptography in IEEE Transactions on Information Theory}},
    @series     =   {{}},
    publisher   =   {{IEEE}},
    address     =   {{Ronneby, Sweden}},
    year        =   {{1976}},
    @edition    =   {{}},
    volume      =   {{22}},
    note        =   {{pp 644--654. ISSN: 0018-9448}}
}

@book {rabin_1979,
    author      =   {Rabin, M. O.},
    title       =   {{Digitalized Signatures and Public-Key Functions as Intractable Factorization in Foundations of Secure Computation}},
    @series     =   {{}},
    publisher   =   {{Academic Press}},
    address     =   {{Orlando, FL}},
    year        =   {{1978}},
    @edition    =   {{}},
    @volume     =   {{}},
    note        =   {{pp 155--166. ISBN: 978-0-12-210350-6}}
}

@book {merkle_1979,
    author      =   {Merkle, R. C.},
    title       =   {{Secrecy, Authentication, and Public Key Systems}},
    @series     =   {{}},
    publisher   =   {{UMI Research Press}},
    address     =   {{Ann Arbor, MI}},
    year        =   {{1979}},
    @edition    =   {{}},
    @volume     =   {{}},
    note        =   {{ISBN: 978-0-8357-1384-9. Notes: Re-published in 1982.}}
}

@book {yuval_1979,
    author      =   {Yuval, G.},
    title       =   {{Secrecy, Authentication, and Public Key Systems}},
    @series     =   {{}},
    publisher   =   {{UMI Research Press}},
    address     =   {{Ann Arbor, MI}},
    year        =   {{1979}},
    @edition    =   {{}},
    @volume     =   {{}},
    note        =   {{ISBN: 978-0-8357-1384-9. Notes: Re-published in 1982.}}
}

@book {preneel_2010,
    author      =   {Preneel, B.},
    title       =   {{The First 30 Years of Cryptographic Hash Functions and the NIST SHA-3 Competition in Topics in Cryptology -- CT-RSA 2010}},
    series      =   {{Lecture Notes in Computer Science}},
    publisher   =   {{Springer}},
    address     =   {{San Francisco, CA}},
    year        =   {{2010}},
    @edition    =   {{}},
    volume      =   {{5 985}},
    note        =   {{pp 1--14. ISBN: 978-3-642-11925-5}}
}

@book {ackley_1987,
    author      =   {Ackley, D.},
    title       =   {{A Connectionist Machine for Genetic Hillclimbing}},
    @series     =   {{}},
    publisher   =   {{Kluwer Academic Publishers}},
    address     =   {{Norwell, MA}},
    year        =   {{1987}},
    @edition    =   {{}},
    @volume     =   {{}},
    note        =   {{ISBN: 978-0-89838-236-5}}
}

@book {vanaret_2015,
    author      =   {Vanaret, C.},
    title       =   {{Thesis: Hybridization of interval methods and evolutionaryalgorithms for solving difficult optimization problems}},
    @series     =   {{}},
    publisher   =   {{UniversitÃ© de Toulouse}},
    address     =   {{Toulouse, France}},
    year        =   {{2015}},
    @edition    =   {{}},
    @volume     =   {{}},
    note        =   {{Available: https://arxiv.org/abs/2001.11465}}
}

@book {gasnet_team_2020,
    author      =   {{GASnet Team}},
    title       =   {{GASnet Communication System}},
    @series     =   {{}},
    publisher   =   {{GASnet}},
    address     =   {{Online}},
    year        =   {{2020}},
    @edition    =   {{}},
    @volume     =   {{}},
    note        =   {{Available: https://gasnet.lbl.gov/}}
}
